<record xmlns="http://www.loc.gov/MARC21/slim" xmlns:xsi="http://www.w3.org/2001/XMLSchema-instance" xsi:schemaLocation="http://www.loc.gov/MARC21/slim http://www.loc.gov/standards/marcxml/schema/MARC21slim.xsd"><leader>     nam a22        4500</leader><controlfield tag="001">3183836</controlfield><controlfield tag="003">NNC</controlfield><controlfield tag="006">m        d        </controlfield><controlfield tag="007">cr cn |||m|||a</controlfield><controlfield tag="008">150316s1924    sy a    o     000 0 araod</controlfield><datafield ind1=" " ind2=" " tag="040"><subfield code="a">NNU</subfield><subfield code="b">eng</subfield><subfield code="e">rda</subfield><subfield code="c">NNU</subfield></datafield><datafield ind1=" " ind2="4" tag="050"><subfield code="a">BP195.N7</subfield><subfield code="b">T35 1924 (Orien Arab)</subfield></datafield><datafield ind1="1" ind2=" " tag="100"><subfield code="6">880-01</subfield><subfield code="a">T&#803;awi&#772;l, Muh&#803;ammad Ami&#772;n Gha&#772;lib. </subfield></datafield><datafield ind1="1" ind2="0" tag="245"><subfield code="6">880-02</subfield><subfield code="a">Ta&#772;ri&#772;kh al-&#699;Alawi&#772;yi&#772;n /</subfield><subfield code="c">ta&#700;li&#772;f Muh&#803;ammad Ami&#772;n Gha&#772;lib al-T&#803;awi&#772;l.</subfield></datafield><datafield ind1=" " ind2=" " tag="260"><subfield code="6">880-03</subfield><subfield code="a">al-La&#772;dhiqi&#772;yah :</subfield><subfield code="b">Mat&#803;ba&#699;at al-Taraqqi&#772; [yut&#803;labu min mu&#700;allifihi],</subfield><subfield code="c">1924.</subfield></datafield><datafield ind1=" " ind2=" " tag="300"><subfield code="a">online resource (478 pages) :</subfield><subfield code="b">illustrations</subfield></datafield><datafield ind1=" " ind2=" " tag="336"><subfield code="a">text</subfield><subfield code="2">rdacontent</subfield></datafield><datafield ind1=" " ind2=" " tag="337"><subfield code="a">computer</subfield><subfield code="2">rdamedia</subfield></datafield><datafield ind1=" " ind2=" " tag="338"><subfield code="a">online resource</subfield><subfield code="2">rdacarrier</subfield></datafield><datafield ind1=" " ind2=" " tag="500"><subfield code="a">Romanized.</subfield></datafield><datafield ind1=" " ind2=" " tag="500"><subfield code="a">Part of the Arabic Collections Online (ACO) project, contributed by Columbia University Libraries.</subfield></datafield><datafield ind1=" " ind2=" " tag="533"><subfield code="a">Electronic reproduction.</subfield><subfield code="b">New York, N.Y. :</subfield><subfield code="c">New York University,</subfield><subfield code="d">2015.</subfield><subfield code="5">NNU</subfield></datafield><datafield ind1=" " ind2="0" tag="650"><subfield code="a">Nosairians.</subfield></datafield><datafield ind1=" " ind2="7" tag="650"><subfield code="a">Nosairians.</subfield><subfield code="2">fast</subfield><subfield code="0">(OCoLC)fst01039491</subfield></datafield><datafield ind1="2" ind2=" " tag="710"><subfield code="a">Columbia University.</subfield><subfield code="b">Libraries.</subfield></datafield><datafield ind1="0" ind2=" " tag="730"><subfield code="a">Arabic Collections Online.</subfield></datafield><datafield ind1="0" ind2="8" tag="776"><subfield code="i">Online version:</subfield><subfield code="a">T&#803;awi&#772;l, Muh&#803;ammad Ami&#772;n Gha&#772;lib.</subfield><subfield code="t">Ta&#772;ri&#772;kh al-&#699;Alawi&#772;yi&#772;n.</subfield><subfield code="d">al-La&#772;dhiqi&#772;yah : Mat&#803;ba&#699;at al-Taraqqi&#772; [yut&#803;labu min mu&#700;allifihi] 1924</subfield><subfield code="w">(OCoLC)713401817</subfield></datafield><datafield ind1="0" ind2="8" tag="776"><subfield code="i">Print version:</subfield><subfield code="a">T&#803;awi&#772;l, Muh&#803;ammad Ami&#772;n Gha&#772;lib.</subfield><subfield code="t">Ta&#772;ri&#772;kh al-&#699;Alawi&#772;yi&#772;n</subfield><subfield code="w">(NNC)3183836</subfield><subfield code="w">(DLC)ne 68001461 </subfield><subfield code="w">(OCoLC)23505297</subfield></datafield><datafield ind1="4" ind2="0" tag="856"><subfield code="u">http://hdl.handle.net/2333.1/2ngf1xrp</subfield></datafield><datafield ind1="1" ind2=" " tag="880"><subfield code="6">100-01/r</subfield><subfield code="a">&#1591;&#1608;&#1610;&#1604;&#1548; &#1605;&#1581;&#1605;&#1583; &#1575;&#1605;&#1610;&#1606; &#1594;&#1575;&#1604;. </subfield></datafield><datafield ind1="1" ind2="0" tag="880"><subfield code="6">245-02/r</subfield><subfield code="a">&#1578;&#1575;&#1585;&#1610;&#1582; &#1575;&#1604;&#1593;&#1604;&#1608;&#1610;&#1610;&#1606; /</subfield><subfield code="c">&#1578;&#1571;&#1604;&#1610;&#1601; &#1605;&#1581;&#1605;&#1583; &#1575;&#1605;&#1610;&#1606; &#1594;&#1575;&#1604; &#1575;&#1604;&#1591;&#1608;&#1610;&#1604;.</subfield></datafield><datafield ind1=" " ind2=" " tag="880"><subfield code="6">260-03/r</subfield><subfield code="a">&#1575;&#1604;&#1604;&#1575;&#1584;&#1602;&#1610;&#1577; :</subfield><subfield code="b">&#1605;&#1591;&#1576;&#1593;&#1577; &#1575;&#1604;&#1578;&#1585;&#1602;&#1610; [&#1610;&#1591;&#1604;&#1576; &#1605;&#1606; &#1605;&#1572;&#1604;&#1601;&#1607;]&#1548;</subfield><subfield code="c">1924.</subfield></datafield><datafield ind1=" " ind2=" " tag="959"><subfield code="a">NNU</subfield><subfield code="b">WEB</subfield><subfield code="c">GENI</subfield><subfield code="t">0</subfield><subfield code="m">Electronic access</subfield><subfield code="s">01</subfield></datafield><datafield ind1=" " ind2=" " tag="999"><subfield code="i">NNC_3183836</subfield><subfield code="o">(OCoLC)ocm23505297</subfield><subfield code="e">(ERROR-880)</subfield><subfield code="s">columbia_aco000256</subfield></datafield></record>